%% This BibTeX bibliography file was created using BibDesk.
%% http://bibdesk.sourceforge.net/

%% Created for Siddharth Mishra-Sharma at 2020-10-26 23:16:01 -0400 


%% Saved with string encoding Unicode (UTF-8) 



@article{Mishra-Sharma:2020kjb,
  archiveprefix = {arXiv},
  arxiv         = {2010.10450},
  author        = {Mishra-Sharma, S. and Cranmer, K.},
  code          = {https://github.com/smsharma/gamma-gp},
  poster        = {https://ml4physicalsciences.github.io/2020/files/NeurIPS_ML4PS_2020_20_poster.pdf},
  date-added    = {2020-10-26 22:28:17 -0400},
  date-modified = {2020-10-26 22:43:43 -0400},
  journal       = {Machine Learning and the Physical Sciences Workshop at NeurIPS 2020},
  month         = {10},
  primaryclass  = {astro-ph.HE},
  sec           = {id},
  thumb         = {gp.png},
  title         = {{Semi-parametric $\gamma$-ray modeling with Gaussian processes and variational inference}},
  year          = {2020}
}

@article{caputo2020edges,
  archiveprefix = {arXiv},
  arxiv         = {2009.03899},
  author        = {Caputo, A. and Liu, H. and Mishra-Sharma, S. and Pospelov, M. and Ruderman, J.T. and Urbano, A.},
  code          = {https://github.com/smsharma/edges-endpoints-21cm},
  date-added    = {2020-09-05 18:53:23 -0400},
  date-modified = {2020-09-05 18:53:23 -0400},
  journal       = {arXiv preprint},
  month         = {9},
  primaryclass  = {astro-ph.CO},
  sec           = {darkphot},
  thumb         = {twentyone.png},
  title         = {{Edges and Endpoints in 21-cm Observations from Resonant Photon Production}},
  year          = {2020}
}

@article{Somalwar:2020awt,
  archiveprefix = {arXiv},
  arxiv         = {2009.00021},
  html          = {https://doi.org/10.3847/1538-4357/abc87d},
  author        = {Somalwar, J.J. and Chang, L.J. and Mishra-Sharma, S. and Lisanti, M.},
  date-added    = {2020-09-05 18:53:28 -0400},
  date-modified = {2020-09-05 18:53:28 -0400},
  journal       = {Astrophys. J.},
  month         = {8},
  primaryclass  = {astro-ph.CO},
  sec           = {id},
  thumb         = {sub.png},
  title         = {{Harnessing the Population Statistics of Subhalos to Search for Annihilating Dark Matter}},
  year          = {2020}
}

@article{Caputo:2020rnx,
  archiveprefix = {arXiv},
  arxiv         = {2004.06733},
  author        = {Caputo, A. and Liu, H. and Mishra-Sharma, S. and Ruderman, J.T.},
  code          = {https://github.com/smsharma/dark-photons-perturbations},
  date-added    = {2020-09-05 18:53:23 -0400},
  date-modified = {2020-10-26 23:15:42 -0400},
  journal       = {Phys. Rev. D},
  month         = {4},
  primaryclass  = {astro-ph.CO},
  sec           = {darkphot},
  thumb         = {plasma.png},
  title         = {{Modeling Dark Photon Oscillations in Our Inhomogeneous Universe}},
  year          = {2020},
  doi           = {10.1103/PhysRevD.102.103533},
  html          = {https://doi.org/10.1103/PhysRevD.102.103533},
  bdsk-url-1    = {https://doi.org/10.1103/PhysRevD.102.103533}
}

@article{Mishra-Sharma:2020ynk,
  archiveprefix = {arXiv},
  arxiv         = {2003.02264},
  author        = {Mishra-Sharma, S. and Van Tilburg, K. and Weiner, N.},
  code          = {https://github.com/smsharma/astrometry-lensing-correlations},
  date-added    = {2020-09-05 18:53:15 -0400},
  date-modified = {2020-09-05 18:53:15 -0400},
  doi           = {10.1103/PhysRevD.102.023026},
  html          = {https://doi.org/10.1103/PhysRevD.102.023026},
  journal       = {Phys. Rev. D},
  number        = {2},
  pages         = {023026},
  primaryclass  = {astro-ph.CO},
  sec           = {statsub},
  synopsis      = {https://physics.aps.org/articles/v13/s98},
  thumb         = {halometry.png},
  title         = {{The Power of Halometry}},
  volume        = {102},
  year          = {2020},
  bdsk-url-1    = {https://doi.org/10.1103/PhysRevD.102.023026}
}

@article{Buschmann:2020adf,
  archiveprefix = {arXiv},
  arxiv         = {2002.12373},
  author        = {Buschmann, M. and Rodd, N.L. and Safdi, B.R. and Chang, L.J. and Mishra-Sharma, S. and Lisanti, M. and Macias, O.},
  date-added    = {2020-09-05 18:53:09 -0400},
  date-modified = {2020-09-05 18:53:09 -0400},
  doi           = {10.1103/PhysRevD.102.023023},
  html          = {https://doi.org/10.1103/PhysRevD.102.023023},
  journal       = {Phys. Rev. D},
  number        = {2},
  pages         = {023023},
  primaryclass  = {astro-ph.HE},
  reportnumber  = {LCTP-20-02},
  sec           = {id},
  thumb         = {mismodeling.png},
  title         = {{Foreground Mismodeling and the Point Source Explanation of the Fermi Galactic Center Excess}},
  volume        = {102},
  year          = {2020},
  bdsk-url-1    = {https://doi.org/10.1103/PhysRevD.102.023023}
}

@article{Caputo:2020bdy,
  archiveprefix = {arXiv},
  arxiv         = {2002.05165},
  author        = {Caputo, A. and Liu, H. and Mishra-Sharma, S. and Ruderman, J.T.},
  code          = {https://github.com/smsharma/dark-photons-perturbations},
  date-added    = {2020-09-05 18:53:04 -0400},
  date-modified = {2020-10-26 23:15:55 -0400},
  journal       = {Phys. Rev. Lett.},
  month         = {2},
  primaryclass  = {astro-ph.CO},
  sec           = {darkphot},
  thumb         = {dp_sim3.png},
  title         = {{Dark Photon Oscillations in Our Inhomogeneous Universe}},
  year          = {2020},
  doi           = {10.1103/PhysRevLett.125.221303},
  html          = {https://doi.org/10.1103/PhysRevLett.125.221303},
  bdsk-url-1    = {https://doi.org/10.1103/PhysRevLett.125.221303}
}

@article{Brehmer2019MiningGI,
  author  = {J. Brehmer and K. Cranmer and S. Mishra-Sharma and F. Kling and Gilles Louppe},
  journal = {Machine Learning and the Physical Sciences Workshop at NeurIPS},
  pdf     = {https://ml4physicalsciences.github.io/2019/files/NeurIPS_ML4PS_2019_16.pdf},
  thumb   = {shmf.png},
  title   = {Mining gold: Improving simulation-based inference with latent information},
  year    = {2019}
}

@article{Brehmer:2019jyt,
  archiveprefix = {arXiv},
  arxiv         = {1909.02005},
  author        = {Brehmer, J. and Mishra-Sharma, S. and Hermans, J. and Louppe, G. and Cranmer, K.},
  code          = {https://github.com/smsharma/mining-for-substructure-lens},
  date-added    = {2020-09-05 18:52:59 -0400},
  date-modified = {2020-09-05 18:52:59 -0400},
  doi           = {10.3847/1538-4357/ab4c41},
  html          = {https://doi.org/10.3847/1538-4357/ab4c41},
  journal       = {Astrophys. J.},
  month         = {9},
  primaryclass  = {astro-ph.CO},
  sec           = {statsub},
  thumb         = {sl2.png},
  title         = {{Mining for Dark Matter Substructure: Inferring subhalo population properties from strong lenses with machine learning}},
  year          = {2019},
  bdsk-url-1    = {https://doi.org/10.3847/1538-4357/ab4c41}
}

@article{Chang:2019ars,
  archiveprefix = {arXiv},
  arxiv         = {1908.10874},
  author        = {Chang, L.J. and Mishra-Sharma, S. and Lisanti, M. and Buschmann, M. and Rodd, N.L. and Safdi, B.R.},
  date-added    = {2020-09-05 18:52:55 -0400},
  date-modified = {2020-09-05 18:52:55 -0400},
  doi           = {10.1103/PhysRevD.101.023014},
  html          = {https://doi.org/10.1103/PhysRevD.101.023014},
  journal       = {Phys. Rev. D},
  number        = {2},
  pages         = {023014},
  primaryclass  = {astro-ph.CO},
  reportnumber  = {LCTP-19-20},
  sec           = {id},
  thumb         = {scd.png},
  title         = {{Characterizing the nature of the unresolved point sources in the Galactic Center: An assessment of systematic uncertainties}},
  volume        = {101},
  year          = {2020},
  bdsk-url-1    = {https://doi.org/10.1103/PhysRevD.101.023014}
}

@article{Chang:2018bpt,
  archiveprefix = {arXiv},
  arxiv         = {1804.04132},
  author        = {Chang, L.J. and Lisanti, M. and Mishra-Sharma, S.},
  date-added    = {2020-09-05 18:52:03 -0400},
  date-modified = {2020-09-05 18:52:03 -0400},
  doi           = {10.1103/PhysRevD.98.123004},
  html          = {https://doi.org/10.1103/PhysRevD.98.123004},
  journal       = {Phys. Rev. D},
  number        = {12},
  pages         = {123004},
  primaryclass  = {astro-ph.CO},
  reportnumber  = {PUPT-2559},
  sec           = {id},
  thumb         = {smoothgal.png},
  title         = {{Search for dark matter annihilation in the Milky Way halo}},
  volume        = {98},
  year          = {2018},
  bdsk-url-1    = {https://doi.org/10.1103/PhysRevD.98.123004}
}

@article{Mishra-Sharma:2018ykh,
  archiveprefix = {arXiv},
  arxiv         = {1803.07561},
  author        = {Mishra-Sharma, S. and Alonso, D. and Dunkley, J.},
  code          = {https://github.com/damonge/GoFish},
  date-added    = {2020-09-05 18:51:58 -0400},
  date-modified = {2020-09-05 18:51:58 -0400},
  doi           = {10.1103/PhysRevD.97.123544},
  html          = {https://doi.org/10.1103/PhysRevD.97.123544},
  journal       = {Phys. Rev. D},
  number        = {12},
  pages         = {123544},
  primaryclass  = {astro-ph.CO},
  reportnumber  = {PUPT 2551, PUPT-2551},
  thumb         = {nu.png},
  title         = {{Neutrino masses and beyond-Î›CDM cosmology with LSST and future CMB experiments}},
  volume        = {97},
  year          = {2018},
  bdsk-url-1    = {https://doi.org/10.1103/PhysRevD.97.123544}
}

@article{Lisanti:2017qoz,
  archiveprefix = {arXiv},
  arxiv         = {1709.00416},
  author        = {Lisanti, M. and Mishra-Sharma, S. and Rodd, N.L. and Safdi, B.R. and Wechsler, R.H.},
  date-added    = {2020-09-05 18:51:39 -0400},
  date-modified = {2020-09-05 18:51:39 -0400},
  doi           = {10.1103/PhysRevD.97.063005},
  html          = {https://doi.org/10.1103/PhysRevD.97.063005},
  journal       = {Phys. Rev. D},
  number        = {6},
  pages         = {063005},
  primaryclass  = {astro-ph.CO},
  reportnumber  = {MIT-CTP-4930, PUPT-2533, MCTP-17-14},
  sec           = {id},
  thumb         = {darksky.png},
  title         = {{Mapping Extragalactic Dark Matter Annihilation with Galaxy Surveys: A Systematic Study of Stacked Group Searches}},
  volume        = {97},
  year          = {2018},
  bdsk-url-1    = {https://doi.org/10.1103/PhysRevD.97.063005}
}

@article{Lisanti:2017qlb,
  archiveprefix = {arXiv},
  arxiv         = {1708.09385},
  author        = {Lisanti, M. and Mishra-Sharma, S. and Rodd, N.L. and Safdi, B.R.},
  code          = {https://github.com/bsafdi/DMCat},
  date-added    = {2020-09-05 18:51:33 -0400},
  date-modified = {2020-09-05 18:51:33 -0400},
  doi           = {10.1103/PhysRevLett.120.101101},
  html          = {https://doi.org/10.1103/PhysRevLett.120.101101},
  journal       = {Phys. Rev. Lett.},
  number        = {10},
  pages         = {101101},
  primaryclass  = {astro-ph.CO},
  reportnumber  = {MIT-CTP-4931, PUPT-2534, MCTP-17-15},
  sec           = {id},
  thumb         = {groups.png},
  title         = {{Search for Dark Matter Annihilation in Galaxy Groups}},
  volume        = {120},
  year          = {2018},
  bdsk-url-1    = {https://doi.org/10.1103/PhysRevLett.120.101101}
}

@article{Cohen:2017pzm,
  archiveprefix = {arXiv},
  arxiv         = {1707.05326},
  author        = {Cohen, T. and Lisanti, M. and Lou, H.K. and Mishra-Sharma, S.},
  code          = {https://github.com/smsharma/SemivisibleJets},
  date-added    = {2020-09-05 18:51:29 -0400},
  date-modified = {2020-09-05 18:51:29 -0400},
  doi           = {10.1007/JHEP11(2017)196},
  html          = {https://doi.org/10.1007/JHEP11(2017)196},
  journal       = {JHEP},
  pages         = {196},
  primaryclass  = {hep-ph},
  reportnumber  = {PUPT-2529},
  title         = {{LHC Searches for Dark Sector Showers}},
  volume        = {11},
  year          = {2017},
  bdsk-url-1    = {https://doi.org/10.1007/JHEP11(2017)196}
}

@article{Mishra-Sharma:2016gis,
  archiveprefix = {arXiv},
  arxiv         = {1612.03173},
  author        = {Mishra-Sharma, S. and Rodd, N.L. and Safdi, B.R.},
  code          = {https://github.com/bsafdi/NPTFit},
  date-added    = {2020-09-05 18:51:19 -0400},
  date-modified = {2020-09-05 18:51:19 -0400},
  doi           = {10.3847/1538-3881/aa6d5f},
  html          = {https://doi.org/10.3847/1538-3881/aa6d5f},
  journal       = {Astron. J.},
  number        = {6},
  pages         = {253},
  primaryclass  = {astro-ph.HE},
  reportnumber  = {MIT-CTP-4864, PUPT-2515},
  sec           = {id},
  thumb         = {nptfit.png},
  title         = {{NPTFit: A code package for Non-Poissonian Template Fitting}},
  volume        = {153},
  year          = {2017},
  bdsk-url-1    = {https://doi.org/10.3847/1538-3881/aa6d5f}
}

@article{Kahn:2016vjr,
  archiveprefix = {arXiv},
  arxiv         = {1609.09072},
  author        = {Kahn, Y. and Krnjaic, G. and Mishra-Sharma, S. and Tait, T.M.P.},
  date-added    = {2020-09-05 18:51:12 -0400},
  date-modified = {2020-09-05 18:51:12 -0400},
  doi           = {10.1007/JHEP05(2017)002},
  html          = {https://doi.org/10.1007/JHEP05(2017)002},
  journal       = {JHEP},
  pages         = {002},
  primaryclass  = {hep-ph},
  reportnumber  = {FERMILAB-PUB-16-385-PPD, UCI-HEP-TR-2016-15, MITP-16-098, PUPT-2507},
  title         = {{Light Weakly Coupled Axial Forces: Models, Constraints, and Projections}},
  volume        = {05},
  year          = {2017},
  bdsk-url-1    = {https://doi.org/10.1007/JHEP05(2017)002}
}

@article{Lisanti:2016jub,
  archiveprefix = {arXiv},
  arxiv         = {1606.04101},
  author        = {Lisanti, M. and Mishra-Sharma, S. and Necib, L. and Safdi, B.R.},
  date-added    = {2020-09-05 18:51:06 -0400},
  date-modified = {2020-09-05 18:51:06 -0400},
  doi           = {10.3847/0004-637X/832/2/117},
  html          = {https://doi.org/10.3847/0004-637X/832/2/117},
  journal       = {Astrophys. J.},
  number        = {2},
  pages         = {117},
  primaryclass  = {astro-ph.HE},
  reportnumber  = {MIT-CTP-4808},
  title         = {{Deciphering Contributions to the Extragalactic Gamma-Ray Background from 2 GeV to 2 TeV}},
  volume        = {832},
  year          = {2016},
  bdsk-url-1    = {https://doi.org/10.3847/0004-637X/832/2/117}
}

@article{Lee:2015qva,
  archiveprefix = {arXiv},
  arxiv         = {1508.07361},
  author        = {Lee, S.K. and Lisanti, M. and Mishra-Sharma, S. and Safdi, B.R.},
  date-added    = {2020-09-05 18:50:59 -0400},
  date-modified = {2020-09-05 18:50:59 -0400},
  doi           = {10.1103/PhysRevD.92.083517},
  html          = {https://doi.org/10.1103/PhysRevD.92.083517},
  journal       = {Phys. Rev. D},
  number        = {8},
  pages         = {083517},
  primaryclass  = {hep-ph},
  reportnumber  = {MIT-CTP-4712},
  title         = {{Modulation Effects in Dark Matter-Electron Scattering Experiments}},
  volume        = {92},
  year          = {2015},
  bdsk-url-1    = {https://doi.org/10.1103/PhysRevD.92.083517}
}
